@book{reactjs,
author = {Facebook Inc.},
title = {React - Dokumentacja},
url = {https://reactjs.org/}
}

@book{reactstory,
author = {Ferenc Hamor},
title = {The History of React.js on a Timeline},
url = {https://blog.risingstack.com/the-history-of-react-js-on-a-timeline/},
publisher = {RisingStack},
}

@book{opensourcewiki,
title = {Otwarte oprogramowanie},
url = {https://pl.wikipedia.org/wiki/Otwarte_oprogramowanie},
publisher = {Wikipedia},
}

@book{npmwiki,
title = {Npm(software)},
url = {https://en.wikipedia.org/wiki/Npm_(software)},
publisher = {Wikipedia},
}

@book{reactrouter,
title = {React Router - Dokumentacja},
url = {https://reactrouter.com/web/example/basic},
}

@book{yup,
title = {Yup - Dokumentacja},
url = {https://github.com/jquense/yup},
}


@book{formik,
title = {Formik - Dokumentacja},
url = {https://formik.org/docs/overview},
}


@book{mozilla,
title = {MDN Web Docs},
url = {https://developer.mozilla.org/en-US/docs/Web/JavaScript},
publisher = {Mozilla}
}

@book{npmdocs,
title = {npm - Dokumentacja},
url = {https://docs.npmjs.com/about-npm},
publisher = {npm Inc.}
}

@book{axios,
title = {axios - Dokumentacja},
url = {https://axios-http.com/docs/intro},

}