@article{sokaXDl,
author = {Soksal, Alan D.},
title = {Transgressing the Boundaries: Toward
a Transformative Hermeneutics of
Quantum Gravity},
journaltitle = {Social Text},
date = 1996,
volume = {46/47},
pages = {217-252},
}
@book{latex-kk,
author = {Borkowski, Marcin and Przybylski,
Bartłomiej},
title = {\LaTeX. Książka kucharska},
date = 2015,
publisher = {PTM},
location = {Warszawa},
}